@inproceedings{howison2013incentives,
  title={Incentives and integration in scientific software production},
  author={Howison, James and Herbsleb, James D},
  booktitle={Proceedings of the 2013 conference on Computer supported cooperative work},
  pages={459--470},
  year={2013},
  organization={ACM}
}

@inproceedings{howison2011scientific,
  title={Scientific software production: incentives and collaboration},
  author={Howison, James and Herbsleb, James D},
  booktitle={Proceedings of the ACM 2011 conference on Computer supported cooperative work},
  pages={513--522},
  year={2011},
  organization={ACM}
}

@article{howison2015understanding,
  title={Understanding the scientific software ecosystem and its impact: Current and future measures},
  author={Howison, James and Deelman, Ewa and McLennan, Michael J and Ferreira da Silva, Rafael and Herbsleb, James D},
  journal={Research Evaluation},
  volume={24},
  number={4},
  pages={454--470},
  year={2015},
  publisher={Oxford University Press}
}

@article{katz2019software,
  title={Software Citation Implementation Challenges},
  author={Katz, Daniel S and Bouquin, Daina and Hong, Neil P Chue and Hausman, Jessica and Jones, Catherine and Chivvis, Daniel and Clark, Tim and Crosas, Merc{\`e} and Druskat, Stephan and Fenner, Martin and others},
  journal={arXiv preprint arXiv:1905.08674},
  year={2019}
}

@article{park2019research,
  title={Research software citation in the Data Citation Index: Current practices and implications for research software sharing and reuse},
  author={Park, Hyoungjoo and Wolfram, Dietmar},
  journal={Journal of Informetrics},
  volume={13},
  number={2},
  pages={574--582},
  year={2019},
  publisher={Elsevier}
}

@online{priem01cite,
    author ={Jason Priem, Heather Piwowar, James Howison},
    year = {2019},
    title ={CiteAs},
    url ={http://citeas.org},
    lastaccessed ={September 13, 2019},
}